<record><leader>00000cas a22000007a 4500</leader><controlfield tag="001">9618437</controlfield><controlfield tag="008">830617d18481848mauwr ne      0    0eng d</controlfield><controlfield tag="009">3768</controlfield><datafield ind1=" " ind2=" " tag="010"><subfield code="a">sn 83020883 </subfield></datafield><datafield ind1=" " ind2=" " tag="040"><subfield code="a">NPX</subfield><subfield code="b">eng</subfield><subfield code="c">NPX</subfield><subfield code="d">OCLCQ</subfield></datafield><datafield ind1="1" ind2=" " tag="029"><subfield code="a">AU@</subfield><subfield code="b">000025798280</subfield></datafield><datafield ind1=" " ind2=" " tag="042"><subfield code="a">msc</subfield></datafield><datafield ind1=" " ind2=" " tag="043"><subfield code="a">n-us-ma</subfield></datafield><datafield ind1="0" ind2="0" tag="245"><subfield code="a">Berkshire agriculturist, and weekly family gazette.</subfield></datafield><datafield ind1="1" ind2="3" tag="246"><subfield code="a">Berkshire agriculturist</subfield></datafield><datafield ind1="1" ind2="3" tag="246"><subfield code="a">Weekly family gazette</subfield></datafield><datafield ind1=" " ind2=" " tag="260"><subfield code="a">Pittsfield, Mass. :</subfield><subfield code="b">Montague &amp; Little,</subfield><subfield code="c">1848-</subfield></datafield><datafield ind1=" " ind2=" " tag="300"><subfield code="a">v. :</subfield><subfield code="b">ill. ;</subfield><subfield code="c">59 cm.</subfield></datafield><datafield ind1=" " ind2=" " tag="310"><subfield code="a">Weekly</subfield></datafield><datafield ind1="0" ind2=" " tag="362"><subfield code="a">Vol. 1, no. 1 (Jan. 5, 1848)-</subfield></datafield><datafield ind1="1" ind2=" " tag="362"><subfield code="a">Ceased in 1848.</subfield><subfield code="z">Cf. Smith, J.E.A. History of Pittsfield ... 1800-1876, 1876.</subfield></datafield><datafield ind1=" " ind2=" " tag="500"><subfield code="a">Publishers: S. Reed &amp; Co., Mar. 29, 1848-&lt;July 1848&gt;.</subfield></datafield><datafield ind1=" " ind2=" " tag="500"><subfield code="a">Published Wednesday.</subfield></datafield><datafield ind1=" " ind2=" " tag="500"><subfield code="a">Editor: S. Reed, March 1848-&lt;July 1848&gt;.</subfield></datafield><datafield ind1=" " ind2=" " tag="515"><subfield code="a">Numbering sometimes irregular.</subfield></datafield><datafield ind1="1" ind2=" " tag="700"><subfield code="a">Reed, Stephen.</subfield></datafield><datafield ind1=" " ind2=" " tag="752"><subfield code="a">United States</subfield><subfield code="b">Massachusetts</subfield><subfield code="c">Berkshire</subfield><subfield code="d">Pittsfield.</subfield></datafield><datafield ind1="0" ind2="0" tag="785"><subfield code="t">Culturist and gazette</subfield><subfield code="w">(DLC)sn 83020884</subfield></datafield><datafield ind1=" " ind2=" " tag="936"><subfield code="a">1848 July 5</subfield></datafield></record>